<?xml version="1.0" encoding="UTF-8"?>
<!-- Search-Engine-Total-Number-Of-Results: 43 -->
<collection xmlns="http://www.loc.gov/MARC21/slim">
<record>
  <controlfield tag="001">770989</controlfield>
  <datafield tag="245" ind1=" " ind2=" ">
    <subfield code="a">Gravitational waves by gamma-ray bursts and the Virgo detector: The case of GRB 050915a</subfield>
  </datafield>
  <datafield tag="024" ind1="7" ind2=" ">
    <subfield code="a">10.1088/0264-9381/24/19/S29</subfield>
    <subfield code="2">DOI</subfield>
  </datafield>
  <datafield tag="035" ind1=" " ind2=" ">
    <subfield code="a">Acernese:2007zzg</subfield>
    <subfield code="9">SPIRESTeX</subfield>
  </datafield>
</record>